<record xmlns='http://www.loc.gov/MARC21/slim'><leader>01520cim a22003732u 4500</leader><controlfield tag='001'>3601148</controlfield><controlfield tag='005'>20151214182807.0</controlfield><controlfield tag='007'>ss|lmnjluz|nuu</controlfield><controlfield tag='008'>991101s1984    nyunnn         l    eng d</controlfield><datafield ind1=' ' ind2=' ' tag='035'><subfield code='a'>(NIC)notisASF8213</subfield></datafield><datafield ind1=' ' ind2=' ' tag='035'><subfield code='a'>3601148</subfield></datafield><datafield ind1=' ' ind2=' ' tag='035'><subfield code='a'>(OCoLC)63897129</subfield></datafield><datafield ind1=' ' ind2=' ' tag='040'><subfield code='a'>NIC</subfield><subfield code='c'>NIC</subfield><subfield code='d'>NIC</subfield><subfield code='d'>NIC</subfield></datafield><datafield ind1='1' ind2=' ' tag='100'><subfield code='a'>Certeau, Michel de. </subfield></datafield><datafield ind1='1' ind2='0' tag='245'><subfield code='a'>Sixteenth and seventeenth century Spanish and French mysticism, part 5</subfield><subfield code='h'>[sound recording]</subfield></datafield><datafield ind1=' ' ind2=' ' tag='260'><subfield code='c'>1984.</subfield></datafield><datafield ind1=' ' ind2=' ' tag='300'><subfield code='a'>2 sound cassettes (105 min.) :</subfield><subfield code='b'>analog, mono.</subfield></datafield><datafield ind1=' ' ind2=' ' tag='500'><subfield code='a'>Recorded in Ithaca, NY by Cornell University.</subfield></datafield><datafield ind1=' ' ind2=' ' tag='500'><subfield code='a'>Sponsored by: Society for the Humanities.</subfield></datafield><datafield ind1=' ' ind2=' ' tag='518'><subfield code='a'>Lecture, October 10, 1984.</subfield></datafield><datafield ind1=' ' ind2=' ' tag='520'><subfield code='a'>de Certeau discusses the criteria necessary for recognizing mystical texts as such and suggests ways in which mystical texts may be analyzed.</subfield></datafield><datafield ind1=' ' ind2='0' tag='650'><subfield code='a'>Mysticism in literature.</subfield></datafield><datafield ind1=' ' ind2='0' tag='650'><subfield code='a'>Literature</subfield><subfield code='x'>History and criticism.</subfield></datafield><datafield ind1=' ' ind2='0' tag='650'><subfield code='a'>Spanish literature</subfield><subfield code='y'>Classical period, 1500-1700.</subfield></datafield><datafield ind1=' ' ind2='0' tag='650'><subfield code='a'>French literature</subfield><subfield code='y'>16th and 17th centuries.</subfield></datafield><datafield ind1=' ' ind2='7' tag='648'><subfield code='a'>1500 - 1700</subfield><subfield code='2'>fast</subfield></datafield><datafield ind1=' ' ind2='7' tag='650'><subfield code='a'>French literature</subfield><subfield code='2'>fast</subfield><subfield code='0'>(OCoLC)fst00934688</subfield></datafield><datafield ind1=' ' ind2='7' tag='650'><subfield code='a'>Literature</subfield><subfield code='2'>fast</subfield><subfield code='0'>(OCoLC)fst00999953</subfield></datafield><datafield ind1=' ' ind2='7' tag='650'><subfield code='a'>Mysticism in literature</subfield><subfield code='2'>fast</subfield><subfield code='0'>(OCoLC)fst01031668</subfield></datafield><datafield ind1=' ' ind2='7' tag='650'><subfield code='a'>Spanish literature</subfield><subfield code='x'>Classical period</subfield><subfield code='2'>fast</subfield><subfield code='0'>(OCoLC)fst01711000</subfield></datafield><datafield ind1=' ' ind2='7' tag='655'><subfield code='a'>Criticism, interpretation, etc.</subfield><subfield code='2'>fast</subfield><subfield code='0'>(OCoLC)fst01411635</subfield></datafield><datafield ind1='1' ind2=' ' tag='899'><subfield code='a'>CULectures</subfield></datafield><datafield ind1=' ' ind2=' ' tag='905'><subfield code='a'>20000303120000.0</subfield></datafield><datafield ind1='2' ind2=' ' tag='948'><subfield code='a'>20141221</subfield><subfield code='b'>m</subfield><subfield code='d'>batch</subfield><subfield code='e'>lts</subfield><subfield code='x'>addfast</subfield></datafield></record>